@misc{timesharing,
    author =       {Wikipedia},
    title =        {{Time-sharing}},
    howpublished = "\url{https://en.wikipedia.org/wiki/Time-sharing}",
    note =         "[Online; accessed May 27, 2016]"
}

@book{openstack,
    author =       {{英特尔开源技术中心}},
    title =        {OpenStack 设计与实现},
    address =      {北京},
    publisher =    {电子工业出版社},
    year =         2015
}

@misc{types-of-cloud,
    author =       {Amazon},
    title =        {{云计算类型}},
    howpublished = "\url{https://aws.amazon.com/cn/types-of-cloud-computing}",
    note =         "[Online; accessed May 29, 2016]"
}

@book{cloud-and-openstack,
    author =       {{陈伯龙, 程志鹏, 张杰}},
    title =        {云计算与 OpenStack},
    address =      {北京},
    publisher =    {电子工业出版社},
    year =         2013
}
